% This file was created with JabRef 2.9.2.
% Encoding: ISO8859_1

@ARTICLE{Bagozzi2015c,
  author = {Bagozzi, Benjamin E},
  title = {The baseline-inflated multinomial logit model for international relations
	research},
  journal = {Conflict Management and Peace Science},
  year = {2016},
  volume = {33},
  pages = {174--197},
  number = {2},
  publisher = {SAGE Publications}
}

@ARTICLE{Bagozzi2015,
  author = {Bagozzi, Benjamin E},
  title = {Forecasting Civil Conflict with Zero-Inflated Count Models},
  journal = {Civil Wars},
  year = {2015},
  volume = {17},
  pages = {1--24},
  number = {1},
  publisher = {Taylor \& Francis}
}

@ARTICLE{Bagozzi2015a,
  author = {Bagozzi, Benjamin E and Hill, Daniel W and Moore, Will H and Mukherjee,
	Bumba},
  title = {Modeling Two Types of Peace The Zero-inflated Ordered Probit (ZiOP)
	Model in Conflict Research},
  journal = {Journal of Conflict Resolution},
  year = {2015},
  volume = {59},
  pages = {728--752},
  number = {4},
  publisher = {SAGE Publications}
}

@ARTICLE{Bagozzi2015b,
  author = {Bagozzi, Benjamin E and Marchetti, Kathleen},
  title = {Distinguishing Occasional Abstention from Routine Indifference in
	Models of Vote Choice},
  journal = {Political Science Research and Methods},
  year = {2015},
  volume = {(Forthcoming)},
  publisher = {Cambridge Univ Press}
}

@ARTICLE{Bagozzi2012,
  author = {Bagozzi, Benjamin E and Mukherjee, Bumba},
  title = {A mixture model for middle category inflation in ordered survey responses},
  journal = {Political Analysis},
  year = {2012},
  volume = {20},
  pages = {369--386},
  number = {3},
  publisher = {SPM-PMSAPSA}
}

@ARTICLE{Barrett2014,
  author = {Barrett, Richard},
  title = {Foreign fighters in Syria},
  journal = {The Soufan Group, http://soufangroup.com/wp-content/uploads/2014/06/TSG-Foreign-Fighters-in-Syria.
	pdf},
  year = {2014},
  pages = {6}
}

@ARTICLE{Beck1998,
  author = {Beck, Nathaniel and Jackman, Simon},
  title = {Beyond linearity by default: Generalized additive models},
  journal = {American Journal of Political Science},
  year = {1998},
  volume = {42},
  pages = {596--627},
  number = {2},
  publisher = {JSTOR}
}

@ARTICLE{Beck2000,
  author = {Beck, Nathaniel and King, Gary and Zeng, Langche},
  title = {Improving quantitative studies of international conflict: A conjecture},
  journal = {American Political Science Review},
  year = {2000},
  volume = {94},
  pages = {21--35},
  number = {01},
  publisher = {Cambridge Univ Press}
}

@ARTICLE{Bohara1996,
  author = {Bohara, Alok K and Krieg, Randall G and others},
  title = {A Poisson hurdle model of migration frequency},
  journal = {REGIONAL ANALYSIS AND POLICY},
  year = {1996},
  volume = {26},
  pages = {37--48}
}

@ARTICLE{Braga2015,
  author = {Braga, Igor and Monard, Maria Carolina},
  title = {Improving the kernel regularized least squares method for small-sample
	regression},
  journal = {Neurocomputing},
  year = {2015},
  volume = {163},
  pages = {106--114},
  publisher = {Elsevier}
}

@ARTICLE{Breiman2001,
  author = {Breiman, Leo},
  title = {Random forests},
  journal = {Machine Learning},
  year = {2001},
  volume = {45},
  pages = {5--32},
  number = {1},
  publisher = {Springer}
}

@ARTICLE{DeMesquita2005,
  author = {Bueno De Mesquita, Ethan},
  title = {The quality of terror},
  journal = {American Journal of Political Science},
  year = {2005},
  volume = {49},
  pages = {515--530},
  number = {3},
  publisher = {Wiley Online Library}
}

@ARTICLE{Burgoon2006,
  author = {Burgoon, Brian},
  title = {On welfare and terror social welfare policies and political-economic
	roots of terrorism},
  journal = {Journal of Conflict Resolution},
  year = {2006},
  volume = {50},
  pages = {176--203},
  number = {2},
  publisher = {Sage Publications}
}

@ARTICLE{Byman2015a,
  author = {Byman, Daniel},
  title = {The Homecomings: What Happens When Arab Foreign Fighters in Iraq
	and Syria Return?},
  journal = {Studies in Conflict \& Terrorism},
  year = {2015},
  volume = {38},
  pages = {581--602},
  number = {8},
  publisher = {Taylor \& Francis}
}

@ARTICLE{Byman2015,
  author = {Byman, Daniel L and Shapiro, Jeremy},
  title = {Be Afraid. Be A Little Afraid: The Threat of Terrorism from Western
	Foreign Fighters in Syria and Iraq},
  journal = {Foreign Policy at Brookings},
  year = {2014},
  volume = {34}
}

@BOOK{Cameron2013,
  title = {Regression analysis of count data},
  publisher = {Cambridge University Press},
  year = {2013},
  author = {Cameron, A Colin and Trivedi, Pravin K}
}

@ARTICLE{Chenoweth2013,
  author = {Chenoweth, Erica},
  title = {Terrorism and democracy},
  journal = {Annual Review of Political Science},
  year = {2013},
  volume = {16},
  pages = {355--378},
  publisher = {Annual Reviews}
}

@TECHREPORT{ECHO2015,
  author = {European Commission},
  title = {Syria Crisis},
  institution = {Humanitarian Aid and Human Protection},
  year = {2015},
  journal = {ECHO Factsheet}
}

@ARTICLE{Cox1983,
  author = {Cox, David R},
  title = {Some remarks on overdispersion},
  journal = {Biometrika},
  year = {1983},
  volume = {70},
  pages = {269--274},
  number = {1},
  publisher = {Biometrika Trust}
}

@ARTICLE{Cragg1971,
  author = {Cragg, John G},
  title = {Some statistical models for limited dependent variables with application
	to the demand for durable goods},
  journal = {Econometrica},
  year = {1971},
  volume = {39},
  pages = {829--844},
  number = {5},
  publisher = {JSTOR}
}

@ARTICLE{Crenshaw1981,
  author = {Crenshaw, Martha},
  title = {The causes of terrorism},
  journal = {Comparative politics},
  year = {1981},
  volume = {13},
  pages = {379--399},
  number = {4},
  publisher = {JSTOR}
}

@ARTICLE{Efron1979,
  author = {Efron, Bradley},
  title = {Bootstrap methods: another look at the jackknife},
  journal = {The Annals of Statistics},
  year = {1979},
  volume = {17},
  pages = {1--26},
  number = {1},
  publisher = {JSTOR}
}

@ARTICLE{Efron1986,
  author = {Efron, Bradley and Tibshirani, Robert},
  title = {Bootstrap methods for standard errors, confidence intervals, and
	other measures of statistical accuracy},
  journal = {Statistical science},
  year = {1986},
  pages = {54--75},
  publisher = {JSTOR}
}

@ARTICLE{Fan2001,
  author = {Fan, Jianqing and Li, Runze},
  title = {Variable selection via nonconcave penalized likelihood and its oracle
	properties},
  journal = {Journal of the American statistical Association},
  year = {2001},
  volume = {96},
  pages = {1348--1360},
  number = {456},
  publisher = {Taylor \& Francis}
}

@ARTICLE{Fariss2015,
  author = {Fariss, Christopher J and Jones, Zachary M},
  title = {Enhancing Validity in Observational Settings When Replication is
	Not Possible},
  journal = {Working Paper},
  year = {2015},
  owner = {GeorgeD},
  timestamp = {2015.06.23}
}

@ARTICLE{Fearon1995,
  author = {Fearon, James D},
  title = {Rationalist explanations for war},
  journal = {International organization},
  year = {1995},
  volume = {49},
  pages = {379--414},
  number = {03},
  publisher = {Cambridge Univ Press}
}

@ARTICLE{Fearon2003a,
  author = {Fearon, James D and Laitin, David D},
  title = {Ethnicity, insurgency, and civil war},
  journal = {American Political Science Review},
  year = {2003},
  volume = {97},
  pages = {75--90},
  number = {01},
  publisher = {Cambridge Univ Press}
}

@TECHREPORT{Felter2007,
  author = {Felter, Joseph and Fishman, Brian},
  title = {Al-Qa'ida's Foreign Fighters in Iraq: A First Look at the Sinjar
	Records},
  institution = {DTIC Document},
  year = {2007}
}

@ARTICLE{Ferwerda2013,
  author = {Ferwerda, Jeremy and Hainmueller, Jens and Hazlett, Chad},
  title = {krls: A Stata Package for Kernel-Based Regularized Least Squares},
  journal = {Journal of Statistical Software},
  year = {2013},
  volume = {55},
  number = {2}
}

@ARTICLE{Finke2010,
  author = {Roger Finke},
  title = {International Religious Freedom Data, 2008},
  year = {2010},
  institution = {The Association of Religion Data Archives},
  url = {http://www.thearda.com/Archive/Files/Descriptions/IRF2008.asp}
}

@BOOK{Friedman2001,
  title = {The elements of statistical learning},
  publisher = {Springer, Berlin},
  year = {2001},
  author = {Friedman, Jerome and Hastie, Trevor and Tibshirani, Robert},
  volume = {1}
}

@ARTICLE{Garay2011,
  author = {Garay, Aldo M and Hashimoto, Elizabeth M and Ortega, Edwin MM and
	Lachos, V{\'\i}ctor H},
  title = {On estimation and influence diagnostics for zero-inflated negative
	binomial regression models},
  journal = {Computational Statistics \& Data Analysis},
  year = {2011},
  volume = {55},
  pages = {1304--1318},
  number = {3},
  publisher = {Elsevier}
}

@ARTICLE{GCCS2014,
  author = {GCCS},
  title = {Addressing the Foreign Terrorist Fighters Phenomenon from a European
	Union Perspective},
  journal = {Global Center on Cooperative Security, Human Security Collective,
	and International Centre for Counter-Terrorism},
  year = {2014}
}

@BOOK{Gelman2006,
  title = {Data analysis using regression and multilevel/hierarchical models},
  publisher = {Cambridge University Press},
  year = {2006},
  author = {Gelman, Andrew and Hill, Jennifer}
}

@BOOK{Gerges2009,
  title = {The far enemy: why Jihad went global},
  publisher = {Cambridge University Press},
  year = {2009},
  author = {Gerges, Fawaz A}
}

@ARTICLE{Gibbs1989,
  author = {Gibbs, Jack P},
  title = {Conceptualization of terrorism},
  journal = {American Sociological Review},
  year = {1989},
  volume = {54},
  pages = {329--340},
  number = {3},
  publisher = {JSTOR}
}

@BOOK{Giddens2013,
  title = {New rules of sociological method: A positive critique of interpretative
	sociologies},
  publisher = {John Wiley \& Sons},
  year = {2013},
  author = {Giddens, Anthony}
}

@ARTICLE{Green2012,
  author = {Green, Donald P and Kern, Holger L},
  title = {Modeling heterogeneous treatment effects in survey experiments with
	Bayesian additive regression trees},
  journal = {Public Opinion Quarterly},
  year = {2012},
  volume = {76},
  pages = {491--511},
  number = {3},
  publisher = {AAPOR}
}

@ARTICLE{Greenwood1920,
  author = {Greenwood, Major and Yule, G Udny},
  title = {An inquiry into the nature of frequency distributions representative
	of multiple happenings with particular reference to the occurrence
	of multiple attacks of disease or of repeated accidents},
  journal = {Journal of the Royal statistical society},
  year = {1920},
  pages = {255--279},
  publisher = {JSTOR}
}

@ARTICLE{Grim2006,
  author = {Grim, Brian J and Finke, Roger},
  title = {International religion indexes: Government regulation, government
	favoritism, and social regulation of religion},
  journal = {Interdisciplinary Journal of Research on Religion},
  year = {2006},
  volume = {2},
  publisher = {NIH Public Access}
}

@ARTICLE{Grim2012,
  author = {Grim, Brian J and Hackett, Conrad},
  title = {The Global Religious Landscape: A Report on the Size and Distribution
	of the World’s Major Religious Groups as of 2010},
  journal = {The Pew Forum on Religion and Public Life},
  year = {2006},
  volume = {2},
  publisher = {NIH Public Access}
}

@ARTICLE{Gurr1970,
  author = {Gurr, Ted Robert and Leggewie, Claus},
  title = {Why men rebel},
  year = {1970},
  publisher = {Princeton University Press Princeton, NJ}
}

@ARTICLE{Hainmueller2013,
  author = {Hainmueller, Jens and Hazlett, Chad},
  title = {Kernel regularized least squares: Reducing misspecification bias
	with a flexible and interpretable machine learning approach},
  journal = {Political Analysis},
  year = {2014},
  volume = {22},
  pages = {143--168},
  number = {2},
  publisher = {SPM-PMSAPSA}
}

@ARTICLE{Hegghammer2013,
  author = {Hegghammer, Thomas},
  title = {Should I Stay or Should I Go? Explaining Variation in Western Jihadists'
	Choice between Domestic and Foreign Fighting},
  journal = {American Political Science Review},
  year = {2013},
  volume = {107},
  pages = {1--15},
  number = {01},
  publisher = {Cambridge Univ Press}
}

@ARTICLE{Hegghammer2013a,
  author = {Hegghammer, Thomas},
  title = {Number of foreign fighters from Europe in Syria is historically unprecedented.
	Who should be worried?},
  journal = {Washington Post},
  year = {2013}
}

@ARTICLE{Hegghammer2011,
  author = {Hegghammer, Thomas},
  title = {The Rise of Muslim Foreign Fighters: Islam and the Globalization
	of Jihad},
  journal = {International Security},
  year = {2011},
  volume = {35},
  pages = {53--94},
  number = {03},
  publisher = {MIT Press}
}

@ARTICLE{Hewitt2009,
  author = {Hewitt, Christopher and Kelley-Moore, Jessica},
  title = {Foreign Fighters in Iraq: A Cross-National Analysis of Jihadism},
  journal = {Terrorism and Political Violence},
  year = {2009},
  volume = {21},
  pages = {211--220},
  number = {2},
  publisher = {Taylor \& Francis}
}

@ARTICLE{Hill2014,
  author = {Hill, Daniel W and Jones, Zachary M},
  title = {An Empirical Evaluation of Explanations for State Repression},
  journal = {American Political Science Review},
  year = {2014},
  volume = {108},
  pages = {661--687},
  number = {03},
  publisher = {Cambridge Univ Press}
}

@ARTICLE{Ho2007,
  author = {Ho, Daniel E and Imai, Kosuke and King, Gary and Stuart, Elizabeth
	A},
  title = {Matching as nonparametric preprocessing for reducing model dependence
	in parametric causal inference},
  journal = {Political Analysis},
  year = {2007},
  volume = {15},
  pages = {199--236},
  number = {3},
  publisher = {SPM-PMSAPSA}
}

@INPROCEEDINGS{Ho1995,
  author = {Ho, Tin Kam},
  title = {Random decision forests},
  booktitle = {Document Analysis and Recognition, 1995., Proceedings of the Third
	International Conference on},
  year = {1995},
  volume = {1},
  pages = {278--282},
  organization = {IEEE}
}

@ARTICLE{Hoerl1970,
  author = {Hoerl, Arthur E and Kennard, Robert W},
  title = {Ridge regression: Biased estimation for nonorthogonal problems},
  journal = {Technometrics},
  year = {1970},
  volume = {12},
  pages = {55--67},
  number = {1},
  publisher = {Taylor \& Francis Group}
}

@ARTICLE{Honaker2011,
  author = {Honaker, James and King, Gary and Blackwell, Matthew and others},
  title = {Amelia II: A program for missing data},
  journal = {Journal of statistical software},
  year = {2011},
  volume = {45},
  pages = {1--47},
  number = {7}
}

@ARTICLE{Jackson2012,
  author = {Jackson, John E and Kollman, Ken},
  title = {Modeling, measuring, and distinguishing path dependence, outcome
	dependence, and outcome independence},
  journal = {Political Analysis},
  year = {2012},
  volume = {20},
  pages = {157--174},
  number = {2},
  publisher = {SPM-PMSAPSA}
}

@ARTICLE{Jones2015,
  author = {Jones, Zachary and Fridolin, Linder},
  title = {Exploratory Data Analysis using Random Forests},
  journal = {Annual Meeting, American Political Science Association},
  year = {2015},
  owner = {GeorgeD},
  timestamp = {2015.06.23}
}

@ARTICLE{Kenkel2013,
  author = {Kenkel, Brenton and Signorino, Curtis S},
  title = {Bootstrapped Basis Regression with Variable Selection: A New Method
	for Flexible Functional Form Estimation},
  journal = {Working Paper},
  year = {2013}
}

@ARTICLE{Kimeldorf1971,
  author = {Kimeldorf, George and Wahba, Grace},
  title = {Some results on Tchebycheffian spline functions},
  journal = {Journal of mathematical analysis and applications},
  year = {1971},
  volume = {33},
  pages = {82--95},
  number = {1},
  publisher = {Elsevier}
}

@ARTICLE{Kimeldorf1970,
  author = {Kimeldorf, George S and Wahba, Grace},
  title = {A correspondence between Bayesian estimation on stochastic processes
	and smoothing by splines},
  journal = {The Annals of Mathematical Statistics},
  year = {1970},
  volume = {41},
  pages = {495--502},
  number = {2},
  publisher = {JSTOR}
}

@MISC{King1997,
  author = {King, Gary},
  title = {A solution to the ecological inference problem},
  year = {1997},
  publisher = {Princeton, NJ: Princeton University Press}
}

@ARTICLE{King1989,
  author = {King, Gary},
  title = {Event count models for international relations: Generalizations and
	applications},
  journal = {International Studies Quarterly},
  year = {1989},
  volume = {33},
  pages = {123--147},
  publisher = {JSTOR}
}

@BOOK{King1989a,
  title = {Unifying political methodology: The likelihood theory of statistical
	inference},
  publisher = {University of Michigan Press},
  year = {1989},
  author = {King, Gary}
}

@ARTICLE{Klausen2015,
  author = {Klausen, Jytte},
  title = {Tweeting the jihad: Social media networks of Western foreign fighters
	in Syria and Iraq},
  journal = {Studies in Conflict \& Terrorism},
  year = {2015},
  volume = {38},
  pages = {1--22},
  number = {1},
  publisher = {Taylor \& Francis}
}

@ARTICLE{Krueger2003,
  author = {Krueger, Alan B and Male{\v{c}}kov{\'a}, Jitka},
  title = {Education, poverty and terrorism: Is there a causal connection?},
  journal = {The Journal of Economic Perspectives},
  year = {2003},
  volume = {17},
  pages = {119--144},
  number = {4},
  publisher = {American Economic Association}
}

@ARTICLE{Lawless1987,
  author = {Lawless, Jerald F},
  title = {Negative binomial and mixed Poisson regression},
  journal = {Canadian Journal of Statistics},
  year = {1987},
  volume = {15},
  pages = {209--225},
  number = {3},
  publisher = {Wiley Online Library}
}

@BOOK{Lewis2004,
  title = {The crisis of Islam: Holy war and unholy terror},
  publisher = {Random House Trade Paperbacks},
  year = {2004},
  author = {Lewis, Bernard}
}

@ARTICLE{Li2005,
  author = {Li, Quan},
  title = {Does democracy promote or reduce transnational terrorist incidents?},
  journal = {Journal of Conflict Resolution},
  year = {2005},
  volume = {49},
  pages = {278--297},
  number = {2},
  owner = {GeorgeD},
  publisher = {Sage Publications},
  timestamp = {2016.05.10}
}

@ARTICLE{Malet2015,
  author = {Malet, David},
  title = {Foreign Fighter Mobilization and Persistence in a Global Context},
  journal = {Terrorism and Political Violence},
  year = {2015},
  volume = {27},
  pages = {454-473},
  number = {3},
  publisher = {Taylor \& Francis}
}

@ARTICLE{Malet2010,
  author = {Malet, David},
  title = {Why Foreign Fighters?: Historical Perspectives and Solutions},
  journal = {Orbis},
  year = {2010},
  volume = {54},
  pages = {97--114},
  number = {1},
  publisher = {Elsevier}
}

@ARTICLE{Marschall2010,
  author = {Marschall, Melissa J and Ruhil, Anirudh VS and Shah, Paru R},
  title = {The new racial calculus: Electoral institutions and black representation
	in local legislatures},
  journal = {American Journal of Political Science},
  year = {2010},
  volume = {54},
  pages = {107--124},
  number = {1},
  publisher = {Wiley Online Library}
}

@ARTICLE{Matzkin2007,
  author = {Matzkin, Rosa L},
  title = {Nonparametric identification},
  journal = {Handbook of Econometrics},
  year = {2007},
  volume = {6},
  pages = {5307--5368},
  publisher = {Elsevier}
}

@TECHREPORT{Mayer2011,
  author = {Thierry Mayer and Soledad Zignago},
  title = {Notes on CEPII’s distances measures: The GeoDist database},
  institution = {CEPII},
  year = {2011},
  type = {Working Papers},
  number = {2011-25},
  url = {http://www.cepii.fr/CEPII/en/publications/wp/abstract.asp?NoDoc=3877}
}

@ARTICLE{Mercer1909,
  author = {Mercer, James},
  title = {Functions of positive and negative type, and their connection with
	the theory of integral equations},
  journal = {Philosophical transactions of the royal society of London. Series
	A, containing papers of a mathematical or physical character},
  year = {1909},
  pages = {415--446},
  publisher = {JSTOR}
}

@ARTICLE{Montgomery2015a,
  author = {Montgomery, Jacob M and Olivella, Santiago},
  title = {Tree-based models for political science data},
  journal = {Working Paper},
  year = {2015},
  institution = {Working Paper}
}

@ARTICLE{Montgomery2015,
  author = {Montgomery, Jacob M and Olivella, Santiago and Potter, Joshua D and
	Crisp, Brian F},
  title = {An Informed Forensics Approach to Detecting Vote Irregularities},
  journal = {Political Analysis},
  year = {2015},
  volume = {23},
  pages = {488--505},
  number = {4},
  publisher = {SPM-PMSAPSA}
}

@ARTICLE{Mroz1999,
  author = {Mroz, Thomas A and Savage, Timothy H},
  title = {Overfitting and biases in nonparametric kernel regressions using
	cross-validated bandwidths: a cautionary note},
  journal = {Working Paper},
  year = {1999}
}

@ARTICLE{Muchlinski2016,
  author = {Muchlinski, David and Siroky, David and He, Jingrui and Kocher, Matthew},
  title = {Comparing Random Forest with Logistic Regression for Predicting Class-Imbalanced
	Civil War Onset Data},
  journal = {Political Analysis},
  year = {2016},
  volume = {24},
  pages = {87--103},
  number = {1},
  publisher = {SPM-PMSAPSA}
}

@ARTICLE{Mullahy1986,
  author = {Mullahy, John},
  title = {Specification and testing of some modified count data models},
  journal = {Journal of Econometrics},
  year = {1986},
  volume = {33},
  pages = {341--365},
  number = {3},
  publisher = {Elsevier}
}

@ARTICLE{Neumann2015,
  author = {Neumann, Peter R},
  title = {Foreign fighter total in Syria/Iraq now exceeds 20,000; surpasses
	Afghanistan conflict in the 1980s},
  journal = {ICSR Insight},
  year = {2015},
  url = {http://icsr.info/2015/01/foreign-fighter-total-syriairaq-now-exceeds-20000-surpasses-afghanistan-conflict-1980s/}
}

@ARTICLE{Nilsson2015,
  author = {Nilsson, Marco},
  title = {Foreign Fighters and the Radicalization of Local Jihad: Interview
	Evidence from Swedish Jihadists},
  journal = {Studies in Conflict \& Terrorism},
  year = {2015},
  volume = {38},
  pages = {343--358},
  number = {5},
  publisher = {Taylor \& Francis}
}

@ARTICLE{Noor2014,
  author = {Noor, Farish A and Dorsey, James},
  title = {Responding to the Islamic State's Foreign Fighters: Retribution or
	Rehabilitation?},
  journal = {Washington Post},
  year = {2014}
}

@BOOK{Pagan1999,
  title = {Nonparametric econometrics},
  publisher = {Cambridge university press},
  year = {1999},
  author = {Pagan, Adrian and Ullah, Aman}
}

@ARTICLE{Piazza2011,
  author = {Piazza, James A},
  title = {Poverty, minority economic discrimination, and domestic terrorism},
  journal = {Journal of Peace Research},
  year = {2011},
  volume = {48},
  pages = {339--353},
  number = {3},
  publisher = {Sage Publications}
}

@ARTICLE{Porter2012,
  author = {Porter, Michael D and White, Gentry and others},
  title = {Self-exciting hurdle models for terrorist activity},
  journal = {The Annals of Applied Statistics},
  year = {2012},
  volume = {6},
  pages = {106--124},
  number = {1},
  publisher = {Institute of Mathematical Statistics}
}

@ARTICLE{RAN2014,
  author = {RAN},
  title = {Conference Paper},
  journal = {Radicalisation Awareness Network Cities Conference Foreign Fighters
	
	},
  year = {2014}
}

@ARTICLE{Rifkin2003,
  author = {Rifkin, Ryan and Yeo, Gene and Poggio, Tomaso},
  title = {Regularized least-squares classification},
  journal = {Nato Science Series Sub Series III Computer and Systems Sciences},
  year = {2003},
  volume = {190},
  pages = {131--154},
  publisher = {IOS PRESS}
}

@ARTICLE{Sageman2008,
  author = {Sageman, Marc},
  title = {A strategy for fighting international islamist terrorists},
  journal = {The ANNALS of the American Academy of Political and Social Science},
  year = {2008},
  volume = {618},
  pages = {223--231},
  number = {1},
  publisher = {Sage Publications}
}

@BOOK{Scholkopf2002,
  title = {Learning with kernels: Support vector machines, regularization, optimization,
	and beyond},
  publisher = {MIT Press},
  year = {2002},
  author = {Sch{\"o}lkopf, Bernhard and Smola, Alexander J}
}

@ARTICLE{Schmid1992,
  author = {Schmid, Alex P},
  title = {Terrorism and democracy},
  journal = {Terrorism and Political Violence},
  year = {1992},
  volume = {4},
  pages = {14--25},
  number = {4},
  publisher = {Taylor \& Francis}
}

@ARTICLE{Shim2012,
  author = {Shim, Jooyong},
  title = {Kernel Poisson regression for mixed input variables},
  journal = {Journal of the Korean Data and Information Science Society},
  year = {2012},
  volume = {23},
  pages = {1231--1239},
  number = {6},
  publisher = {Korean Data and Information Science Society}
}

@ARTICLE{Shim2011,
  author = {Shim, Jooyong and Hwang, Changha},
  title = {Kernel Poisson regression machine for stochastic claims reserving},
  journal = {Journal of the Korean Statistical Society},
  year = {2011},
  volume = {40},
  pages = {1--9},
  number = {1},
  publisher = {Elsevier}
}

@ARTICLE{Stenersen2011,
  author = {Stenersen, Anne},
  title = {Al Qaeda's Foot Soldiers: A Study of the Biographies of Foreign Fighters
	Killed in Afghanistan and Pakistan Between 2002 and 2006},
  journal = {Studies in Conflict \& Terrorism},
  year = {2011},
  volume = {34},
  pages = {171--198},
  number = {3},
  publisher = {Taylor \& Francis}
}

@ARTICLE{Stone1974,
  author = {Stone, Mervyn},
  title = {Cross-validatory choice and assessment of statistical predictions},
  journal = {Journal of the Royal Statistical Society. Series B (Methodological)},
  year = {1974},
  volume = {36},
  pages = {111--147},
  number = {2},
  publisher = {JSTOR}
}

@ARTICLE{Tibshirani1996,
  author = {Tibshirani, Robert},
  title = {Regression shrinkage and selection via the lasso},
  journal = {Journal of the Royal Statistical Society. Series B (Methodological)},
  year = {1996},
  volume = {58},
  pages = {267--288},
  number = {1},
  publisher = {JSTOR}
}

@INPROCEEDINGS{Tikhonov1963,
  author = {Tikhonov, Andrey},
  title = {Solution of incorrectly formulated problems and the regularization
	method},
  booktitle = {Soviet Math. Dokl.},
  year = {1963},
  volume = {5},
  pages = {1035--1038}
}

@ARTICLE{UNOCHA2015,
  author = {UNOCHA},
  title = {Updated Overview: 2015 Syria Response Plan and 2015-2016 Regional
	Refuggee and Resilience Plan},
  journal = {United Nations Office for the Coordination of Human Rights},
  year = {2015}
}

@ARTICLE{Volden2013,
  author = {Volden, Craig and Wiseman, Alan E and Wittmer, Dana E},
  title = {When are women more effective lawmakers than men?},
  journal = {American Journal of Political Science},
  year = {2013},
  volume = {57},
  pages = {326--341},
  number = {2},
  publisher = {Wiley Online Library}
}

@ARTICLE{Vuong1989,
  author = {Vuong, Quang H},
  title = {Likelihood ratio tests for model selection and non-nested hypotheses},
  journal = {Econometrica: Journal of the Econometric Society},
  year = {1989},
  pages = {307--333},
  publisher = {JSTOR}
}

@ARTICLE{Wang2014,
  author = {Wang, Zhu and Ma, Shuangge and Wang, Ching-Yun},
  title = {Variable selection for zero-inflated and overdispersed data with
	application to health care demand in Germany},
  journal = {Working Paper},
  year = {2014},
  publisher = {bepress}
}

@ARTICLE{Weggemans2014,
  author = {Weggemans, Daan and Bakker, Edwin and Grol, Peter},
  title = {Who Are They and Why Do They Go? The Radicalization and Preparatory
	Processes of Dutch Jihadist Foreign Fighters},
  journal = {Perspectives on Terrorism},
  year = {2014},
  volume = {8},
  number = {4}
}

@ARTICLE{Wilson2013,
  author = {Wilson, Matthew C and Piazza, James A},
  title = {Autocracies and Terrorism: Conditioning Effects of Authoritarian
	Regime Type on Terrorist Attacks},
  journal = {American Journal of Political Science},
  year = {2013},
  volume = {57},
  pages = {941--955},
  number = {4},
  owner = {GeorgeD},
  publisher = {Wiley Online Library},
  timestamp = {2016.05.10}
}

@ARTICLE{Wilson2015,
  author = {Wilson, Matthew Charles and Wright, Joseph},
  title = {Autocratic Legislatures and Expropriation Risk},
  journal = {British Journal of Political Science},
  year = {2015},
  volume = {(Forthcoming)}
}

@ARTICLE{Zeileis2007,
  author = {Zeileis, Achim and Kleiber, Christian and Jackman, Simon},
  title = {Regression models for count data in R},
  journal = {Journal of Statistical Software},
  year = {2008},
  volume = {27},
  pages = {1--25},
  number = {8},
  publisher = {Department of Statistics and Mathematics, WU Vienna University of
	Economics and Business}
}

@ARTICLE{Zhu2005,
  author = {Zhu, Ji and Hastie, Trevor},
  title = {Kernel logistic regression and the import vector machine},
  journal = {Journal of Computational and Graphical Statistics},
  year = {2005},
  volume = {14},
  pages = {185--205},
  number = {1}
}

@ARTICLE{Zorn1998,
  author = {Zorn, Christopher JW},
  title = {An analytic and empirical examination of zero-inflated and hurdle
	Poisson specifications},
  journal = {Sociological Methods \& Research},
  year = {1998},
  volume = {26},
  pages = {368--400},
  number = {3},
  publisher = {Sage Publications}
}

